<record><leader>00000cas a22000007a 4500</leader><controlfield tag="001">13727418</controlfield><controlfield tag="008">860613d18611867wiuwr ne      0    0eng d</controlfield><datafield ind1=" " ind2=" " tag="010"><subfield code="a">sn 86086239 </subfield></datafield><datafield ind1=" " ind2=" " tag="040"><subfield code="a">NPV</subfield><subfield code="b">eng</subfield><subfield code="c">NPV</subfield><subfield code="d">OCLCQ</subfield></datafield><datafield ind1=" " ind2=" " tag="042"><subfield code="a">msc</subfield></datafield><datafield ind1=" " ind2=" " tag="045"><subfield code="a">w6w6</subfield></datafield><datafield ind1=" " ind2=" " tag="052"><subfield code="a">4123</subfield><subfield code="b">G7</subfield></datafield><datafield ind1="0" ind2=" " tag="130"><subfield code="a">Brodhead independent (Brodhead, Wis. : 1861)</subfield></datafield><datafield ind1="1" ind2="0" tag="245"><subfield code="a">Brodhead independent.</subfield></datafield><datafield ind1=" " ind2=" " tag="260"><subfield code="a">Brodhead, Wis. :</subfield><subfield code="b">W.W. Shepard,</subfield><subfield code="c">1861-1867.</subfield></datafield><datafield ind1=" " ind2=" " tag="300"><subfield code="a">v.</subfield></datafield><datafield ind1=" " ind2=" " tag="310"><subfield code="a">Weekly</subfield></datafield><datafield ind1="0" ind2=" " tag="362"><subfield code="a">Vol. 1, no. 1 (Feb. 27, 1861)-v. 3, no. 45 (Jan. 1, 1864); &lt;v. 3, no. 46 (Jan. 15, 1864)&gt;-v. 6, no. 52 (Feb. 22, 1867) = Whole no. 150-whole no. 312.</subfield></datafield><datafield ind1=" " ind2=" " tag="500"><subfield code="a">Publisher varies.</subfield></datafield><datafield ind1=" " ind2=" " tag="500"><subfield code="a">Editors: I.F. Mack, Feb. 27, 1861-July 30, 1862; I.F. Mack &amp; Son, Aug. 6, 1862-Feb. 4, 1863; I.F. Mack, Feb. 11, 1863-Aug. 10, 1866; I.F. Mack, Jr., Aug. 17, 1866-Feb. 22, 1867.</subfield></datafield><datafield ind1=" " ind2=" " tag="530"><subfield code="a">Available on microfilm from The State Historical Society of Wisconsin.</subfield></datafield><datafield ind1=" " ind2=" " tag="752"><subfield code="a">United States</subfield><subfield code="b">Wisconsin</subfield><subfield code="c">Green</subfield><subfield code="d">Brodhead.</subfield></datafield><datafield ind1="0" ind2="0" tag="785"><subfield code="t">Independent (Brodhead, Wis. : 1867)</subfield><subfield code="w">(DLC)sn 86086240</subfield></datafield><datafield ind1="1" ind2=" " tag="029"><subfield code="a">AU@</subfield><subfield code="b">000025825539</subfield></datafield></record>